@misc{django_tutorial_1,
  author = {DjangoBook},
  title = {{Django Tutorial}},
  howpublished = "\url{http://www.djangobook.com/en/2.0/index.html}"
}
@misc{django_tutorial_2,
  author = {DjangoProject},
  title = {{Django Tutorial}},
  howpublished = "\url{https://www.djangoproject.com/)}"
}
@misc{java_tutorial,
  author = {Tutorials Point},
  title = {{Tutorials for learning Java}},
  howpublished = "\url{http://www.tutorialspoint.com/java/}"
}
