@misc{pendulum,
  author = {Wikipedia},
  title = {{Pendulum (mathematics)}},
  howpublished = "\url{http://en.wikipedia.org/wiki/Pendulum_(mathematics)}"
}
@misc{pendulum_time_period,
  author = {Wikipedia},
  title = {{Pendulum (mathematics)}},
  howpublished = "\url{http://en.wikipedia.org/wiki/Pendulum_(mathematics)}"
}
@misc{freeFall,
  author = {Wikipedia},
  title = {{Equations for a falling body}},
  howpublished = "\url{http://en.wikipedia.org/wiki/Equations_for_a_falling_body}"
}
@misc{Collision,
  author = {Wikipedia},
  title = {{Collision}},
  howpublished = "\url{http://en.wikipedia.org/wiki/Collision}"
}
